@article{Nightingale_1991,
  doi = {10.1088/0026-1394/28/3/025},
  url = {http://dx.doi.org/10.1088/0026-1394/28/3/025},
  year = {1991},
  month = {jan},
  publisher = {{IOP} Publishing},
  volume = {28},
  number = {3},
  pages = {233--237},
  author = {T J Nightingale and J Crawford},
  title = {{A Radiometric Calibration System for the {ISAMS} Remote Sounding Instrument}},
  journal = {Metrologia},
}
